================== TEMPLATE ==========================
article{article,
  author  = {Peter Adams},
  title   = {The title of the work},
  journal = {The name of the journal},
  year    = 1993,
  number  = 2,
  pages   = {201-213},
  month   = 7,
  note    = {An optional note},
  volume  = 4
}

book{book,
  author    = {Peter Babington},
  title     = {The title of the work},
  publisher = {The name of the publisher},
  year      = 1993,
  volume    = 4,
  series    = 10,
  address   = {The address},
  edition   = 3,
  month     = 7,
  note      = {An optional note},
  isbn      = {3257227892}
}

conference{conference,
  author       = {Peter Draper},
  title        = {The title of the work},
  booktitle    = {The title of the book},
  year         = 1993,
  editor       = {The editor},
  volume       = 4,
  series       = 5,
  pages        = 213,
  address      = {The address of the publisher},
  month        = 7,
  organization = {The organization},
  publisher    = {The publisher},
  note         = {An optional note}
}

inbook{inbook,
  author       = {Peter Eston},
  title        = {The title of the work},
  chapter      = 8,
  pages        = {201-213},
  publisher    = {The name of the publisher},
  year         = 1993,
  volume       = 4,
  series       = 5,
  address      = {The address of the publisher},
  edition      = 3,
  month        = 7,
  note         = {An optional note}
}

misc{misc,
  author       = {Peter Isley},
  title        = {The title of the work},
  howpublished = {How it was published},
  month        = 7,
  year         = 1993,
  note         = {An optional note}
}
================== END OF TEMPLATE ==========================
@book{mohri2012foundations,
	title={Foundations of machine learning},
	author={Mohri, Mehryar and Rostamizadeh, Afshin and Talwalkar, Ameet},
	year={2012},
	publisher={MIT press}
}

@book{olson2008advanced,
	title={Advanced data mining techniques},
	author={Olson, David L and Delen, Dursun},
	year={2008},
	publisher={Springer Science \& Business Media}
}

@inproceedings{pham2012empirical,
	title={An empirical study of recognizing textual entailment in Japanese text},
	author={Pham, Quang Nhat Minh and Nguyen, Le Minh and Shimazu, Akira},
	booktitle={International Conference on Intelligent Text Processing and Computational Linguistics},
	pages={438--449},
	year={2012},
	organization={Springer}
}

@article{fleiss1971measuring,
	title={Measuring nominal scale agreement among many raters.},
	author={Fleiss, Joseph L},
	journal={Psychological bulletin},
	volume={76},
	number={5},
	pages={378},
	year={1971},
	publisher={American Psychological Association}
}

@inproceedings{pennington2014glove,
	title={Glove: Global Vectors for Word Representation.},
	author={Pennington, Jeffrey and Socher, Richard and Manning, Christopher D},
	booktitle={EMNLP},
	volume={14},
	pages={1532--43},
	year={2014}
}

@book{jurafsky2014speech,
	title={Speech and language processing},
	author={Jurafsky, Dan and Martin, James H},
	year={2014},
	publisher={Pearson}
}

@incollection{grishman1997information,
	title={Information extraction: Techniques and challenges},
	author={Grishman, Ralph},
	booktitle={Information extraction a multidisciplinary approach to an emerging information technology},
	pages={10--27},
	year={1997},
	publisher={Springer}
}

@inproceedings{shinyama2003paraphrase,
	title={Paraphrase acquisition for information extraction},
	author={Shinyama, Yusuke and Sekine, Satoshi},
	booktitle={Proceedings of the second international workshop on Paraphrasing-Volume 16},
	pages={65--71},
	year={2003},
	organization={Association for Computational Linguistics}
}

@inproceedings{blitzer2008semi,
	title={Semi-supervised learning for natural language processing},
	author={Blitzer, John and Zhu, Xiaojin Jerry},
	booktitle={Proceedings of the 46th Annual Meeting of the Association for Computational Linguistics on Human Language Technologies: Tutorial Abstracts},
	pages={3--3},
	year={2008},
	organization={Association for Computational Linguistics}
}

@misc{xiao2010corpus,
	title={Corpus Creation.},
	author={Xiao, Richard},
	year={2010}
}

@article{biber1993representativeness,
	title={Representativeness in corpus design},
	author={Biber, Douglas},
	journal={Literary and linguistic computing},
	volume={8},
	number={4},
	pages={243--257},
	year={1993},
	publisher={ALLC}
}

@article{giampiccolo2008fourth,
	title={The fourth pascal recognizing textual entailment challenge},
	author={Giampiccolo, Danilo and Dang, Hoa Trang and Magnini, Bernardo and Dagan, Ido and Cabrio, Elena and Dolan, Bill},
	journal={TAC 2008 Proceedings},
	year={2008},
	publisher={Citeseer}
}

@article{Hammerton:2003:CONLL,
	author = {Hammerton, James},
	title  = {Named Entity Recognition with Long Short-Term Memory},
	booktitle = {Proceedings of the Seventh Conference on Natural Language Learning at HLT-NAACL 2003},
	editor = {Walter Daelemans and Miles Osborne},
	url    = {http://www.aclweb.org/anthology/W03-0426.pdf},
	year   = 2003,
	pages  = {172--175}
}

@article{Graves:2009:NCS:1525650.1525782
	,	title	= {A novel connectionist system for unconstrained handwriting recognition.}
	,	author	= {Graves, Alex and Liwicki, Marcus and Fern\'andez, Santiago and Bertolami, Roman and Bunke, Horst and Schmidhuber, J\"urgen}
	,	journal	= {IEEE transactions on pattern analysis and machine intelligence}
	,	journal-iso	= {IEEE Trans Pattern Anal Mach Intell}
	,	volume	= {31}
	,	number	= {5}
	,	year	= {2009}
	,	month	= {May}
	,	pages	= {855--68}
	,	doi	= {10.1109/TPAMI.2008.137}
	,	pmid	= {19299860}
}

@INPROCEEDINGS{6638947
	,	author	= {Graves, A. and Mohamed, A.-R. and Hinton, G.}
	,	booktitle	= {Acoustics, Speech and Signal Processing (ICASSP), 2013 IEEE International Conference on}
	,	title	= {Speech recognition with deep recurrent neural networks}
	,	year	= {2013}
	,	month	= {May}
	,	pages	= {6645-6649}
	,	doi	= {10.1109/ICASSP.2013.6638947}
	,	issn	= {1520-6149}
}

@book{chapelle2006semi
	,	title	= {Semi-supervised learning}
	,	author	= {Chapelle, Olivier and Sch\"olkopf, Bernhard and Zien, Alexander and others}
	,	volume	= {2}
	,	year	= {2006}
	,	publisher	= {MIT press Cambridge}
}


@article{7065828, 
	author={B. D. Trisedya and D. Inastra}, 
	booktitle={2014 International Conference on Advanced Computer Science and Information System}, 
	title={Creating Indonesian-Javanese parallel corpora using wikipedia articles}, 
	year={2014}, 
	pages={239-245}, 
	keywords={Web sites;encyclopaedias;public domain software;text analysis;IR;Indonesian-Javanese parallel corpora;NLP;Wikipedia articles;World Wide Web;comparable corpora;ethnic languages;free distributed articles;free online encyclopedia;hypertext link characteristics;information retrieval;low-resource languages;multilingual researches;multilingual sites;natural language processing;sentence alignment methods;sentence length based method;word correspondence method;Abstracts;Computer science;Decision support systems;Electronic publishing;Encyclopedias;Handheld computers}, 
	doi={10.1109/ICACSIS.2014.7065828}, 
	month={Oct}
}

@article{6973520, 
	author={A. Luthfi and B. Distiawan and R. Manurung}, 
	booktitle={2014 International Conference on Asian Language Processing (IALP)}, 
	title={Building an Indonesian named entity recognizer using Wikipedia and DBPedia}, 
	year={2014}, 
	pages={19-22}, 
	keywords={Web sites;natural language processing;DBPedia;Indonesian NER system;Indonesian named entity recognizer;Stanford NER system;Wikipedia;cross fold validation;organization entity;person entity;place entity;precision value;recall value;Data models;Electronic publishing;Encyclopedias;Internet;Tagging;Training data;dbpedia;name entity recognition;stanford ner;wikipedia}, 
	doi={10.1109/IALP.2014.6973520}, 
	month={Oct}
}

@article{Androutsopoulos:2010:SPT:1892211.1892215,
	author = {Androutsopoulos, Ion and Malakasiotis, Prodromos},
	title = {A Survey of Paraphrasing and Textual Entailment Methods},
	journal = {J. Artif. Int. Res.},
	issue_date = {May 2010},
	volume = {38},
	number = {1},
	month = may,
	year = {2010},
	issn = {1076-9757},
	pages = {135--187},
	numpages = {53},
	url = {http://dl.acm.org/citation.cfm?id=1892211.1892215},
	acmid = {1892215},
	publisher = {AI Access Foundation},
	address = {USA},
} 

@article{ATKINS01011992,
	author = {Atkins, Sue and Clear, Jeremy and Ostler, Nicholas}, 
	title = {Corpus Design Criteria},
	volume = {7}, 
	number = {1}, 
	pages = {1-16}, 
	year = {1992}, 
	doi = {10.1093/llc/7.1.1}, 
	URL = {http://llc.oxfordjournals.org/content/7/1/1.abstract}, 
	eprint = {http://llc.oxfordjournals.org/content/7/1/1.full.pdf+html}, 
	journal = {Literary and Linguistic Computing} 
}

@article{Levenshtein_SPD66,
	abstract = {Seems to be the first person to define what became  known as the (simple) edit-distance and show it to be a  metric. Paper mostly about constructing optimal codes  to transmit such corrections.},
	added-at = {2009-09-11T19:06:23.000+0200},
	author = {Levenshtein, Vladimir Iosifovich},
	biburl = {https://www.bibsonomy.org/bibtex/220546d80ce76f58c6ef6ece9dd5f5056/jimregan},
	interhash = {55f7ad93fcb9ae3ed999afaa6e24937d},
	intrahash = {20546d80ce76f58c6ef6ece9dd5f5056},
	journal = {Soviet Physics Doklady},
	keywords = {edit-distance},
	month = {#feb#},
	note = {Doklady Akademii Nauk SSSR, V163 No4 845-848 1965},
	number = 8,
	pages = {707--710},
	timestamp = {2009-09-11T19:06:23.000+0200},
	title = {Binary codes capable of correcting deletions, insertions and reversals.},
	volume = 10,
	year = 1966
}


@article{Cohen1960
,	author	= {Cohen, Jacob}
,	journal	= {Educational and psychological measurement}
,	number	= {1}
,	pages	= {37--46}
,	title	= {A coefficient of agreement for nominal scales}
,	volume	= {20}
,	year	= {1960}
}

@article{landis1977measurement
	,	title	= {The measurement of observer agreement for categorical data}
	,	author	= {Landis, J.R. and Koch, G.G.}
	,	journal	= {Biometrics}
	,	pages	= {159--174}
	,	year	= {1977}
	,	publisher	= {JSTOR}
}

@article{Sidorov:2014:SNM:2538034.2538087,
	author = {Sidorov, Grigori and Velasquez, Francisco and Stamatatos, Efstathios and Gelbukh, Alexander and Chanona-Hern\'{a}ndez, Liliana},
	title = {Syntactic N-grams As Machine Learning Features for Natural Language Processing},
	journal = {Expert Syst. Appl.},
	issue_date = {February, 2014},
	volume = {41},
	number = {3},
	month = feb,
	year = {2014},
	issn = {0957-4174},
	pages = {853--860},
	numpages = {8},
	url = {http://dx.doi.org/10.1016/j.eswa.2013.08.015},
	doi = {10.1016/j.eswa.2013.08.015},
	acmid = {2538087},
	publisher = {Pergamon Press, Inc.},
	address = {Tarrytown, NY, USA},
	keywords = {Authorship attribution, Classification features, J48, NB, Parsing, SVM, Syntactic n-grams, Syntactic paths, sn-Grams},
} 

@inproceedings{Paterson:1994:LCS:645723.666723,
	author = {Paterson, Mike and Danc\'{\i}k, Vlado},
	title = {Longest Common Subsequences},
	booktitle = {Proceedings of the 19th International Symposium on Mathematical Foundations of Computer Science 1994},
	series = {MFCS '94},
	year = {1994},
	isbn = {3-540-58338-6},
	pages = {127--142},
	numpages = {16},
	url = {http://dl.acm.org/citation.cfm?id=645723.666723},
	acmid = {666723},
	publisher = {Springer-Verlag},
	address = {London, UK, UK},
} 

@inproceedings{dagan2005,
	author = {Dagan, Ido and Glickman, Oren and Magnini, Bernardo},
	title = {The PASCAL Recognising Textual Entailment Challenge},
	booktitle = {Proceedings of the First International Conference on Machine Learning Challenges: Evaluating Predictive Uncertainty Visual Object Classification, and Recognizing Textual Entailment},
	series = {MLCW'05},
	year = {2006},
	isbn = {3-540-33427-0, 978-3-540-33427-9},
	location = {Southampton, UK},
	pages = {177--190},
	numpages = {14},
	url = {http://dx.doi.org/10.1007/11736790_9},
	doi = {10.1007/11736790_9},
	acmid = {2100054},
	publisher = {Springer-Verlag},
	address = {Berlin, Heidelberg},
} 

@inproceedings{dagan2004,
	author = {Dagan, Ido and Glickman, Oren},
	booktitle = {Learning Methods for Text Understanding and Mining},
	citeulike-article-id = {7355818},
	citeulike-linkout-0 = {http://eprints.pascal-network.org/archive/00000023/},
	comment = {The entailment recognition task is solved using the predefined based entailment patterns and an implementation of the inference rules. The hypothesis is checked versus the given text by applying the patterns (trying to find matches). The inference engine produce the entailment probability score and a trace of reasoning which consists of applied patterns.
	The patterns are acquired using the paraphrase learning.},
	keywords = {textual\_entailment},
	month = jan,
	posted-at = {2010-06-24 10:47:50},
	priority = {0},
	title = {{Probabilistic Textual Entailment: Generic Applied Modeling of Language Variability}},
	url = {http://eprints.pascal-network.org/archive/00000023/},
	year = {2004}
}

@inproceedings{RTEevalita,
	title     = {'Textual Entailment at EVALITA 2009'},
	author    = {Bos, Johan and Zanzotto, Fabio Massimo and 'Pennacchiotti', 'Marco'},
	booktitle = {'Proceedings of EVALITA 2009'},
	pages     = {1--7},
	year      = {2009}
}


@inproceedings{RTEsparte,
	author = {Pe\~{n}as, Anselmo and Rodrigo, \'{A}lvaro and Verdejo, Felisa},
	title = {SPARTE, a Test Suite for Recognising Textual Entailment in Spanish},
	booktitle = {Proceedings of the 7th International Conference on Computational Linguistics and Intelligent Text Processing},
	series = {CICLing'06},
	year = {2006},
	isbn = {3-540-32205-1, 978-3-540-32205-4},
	location = {Mexico City, Mexico},
	pages = {275--286},
	numpages = {12},
	url = {http://dx.doi.org/10.1007/11671299_29},
	doi = {10.1007/11671299_29},
	acmid = {2117808},
	publisher = {Springer-Verlag},
	address = {Berlin, Heidelberg},
}

@inproceedings{RTEjerman,
	author = {Zeller, Britta and Pad{\'o}, Sebastian},
	title = {{A Search Task Dataset for German Textual Entailment }},
	booktitle = {{Proceedings of the 10th International Conference on Computational Semantics (IWCS)}},
	year = {2013},
	pages = {288--299},
	address = {Potsdam},
	url = {http://www.cl.uni-heidelberg.de/~zeller/publications/iwcs2013.pdf}
}

@inproceedings{burgerfero,
	author = {Burger, John and Ferro, Lisa},
	title = {Generating an Entailment Corpus from News Headlines},
	booktitle = {Proceedings of the ACL Workshop on Empirical Modeling of Semantic Equivalence and Entailment},
	series = {EMSEE '05},
	year = {2005},
	location = {Ann Arbor, Michigan},
	pages = {49--54},
	numpages = {6},
	url = {http://dl.acm.org/citation.cfm?id=1631862.1631871},
	acmid = {1631871},
	publisher = {Association for Computational Linguistics},
	address = {Stroudsburg, PA, USA},
} 

@InProceedings{zanzottoRTEexpand,
	author    = {Zanzotto, Fabio Massimo  and  Pennacchiotti, Marco},
	title     = {Expanding textual entailment corpora fromWikipedia using co-training},
	booktitle = {Proceedings of the {2nd} Workshop on {The People's Web Meets NLP: Collaboratively Constructed Semantic Resources}},
	month     = {August},
	year      = {2010},
	address   = {Beijing, China},
	publisher = {Coling 2010 Organizing Committee},
	pages     = {28--36},
	url       = {http://www.aclweb.org/anthology/W10-3504}
}

@inproceedings{blummitchell
	,	address	= {Madison, WI}
	,	author	= {Blum, A. and Mitchell, T.}
	,	booktitle	= {Proceedings of the 11th Annual Conference on Computational Learning Theory}
	,	pages	= {92--100}
	,	title	= {Combining labeled and unlabeled data with co-training}
	,	year	= {1998}
}

@InProceedings{sacaleanu-EtAl:2008:DEMOS,
	author    = {Sacaleanu, Bogdan  and  Orasan, Constantin  and  Spurk, Christian  and  Ou, Shiyan  and  Ferrandez, Oscar  and  Kouylekov, Milen  and  Negri, Matteo},
	title     = {Entailment-based Question Answering for Structured Data},
	booktitle = {Coling 2008: Companion volume: Demonstrations},
	month     = {August},
	year      = {2008},
	address   = {Manchester, UK},
	publisher = {Coling 2008 Organizing Committee},
	pages     = {173--176},
	url       = {http://www.aclweb.org/anthology/C08-3008}
}

@inproceedings{harabagiu-hickl:2006:COLACL
	,	title	= {Methods for using textual entailment in open-domain question answering}
	,	author	= {Harabagiu, Sanda and Hickl, Andrew}
	,	booktitle	= {Proceedings of the 21st International Conference on Computational Linguistics and the 44th annual meeting of the Association for Computational Linguistics}
	,	pages	= {905--912}
	,	year	= {2006}
}

@inproceedings{RTEjepang,
	author = {Pham, Quang Nhat Minh and Nguyen, Le Minh and Shimazu, Akira},
	title = {An Empirical Study of Recognizing Textual Entailment in Japanese Text},
	booktitle = {Proceedings of the 13th International Conference on Computational Linguistics and Intelligent Text Processing - Volume Part I},
	series = {CICLing'12},
	year = {2012},
	isbn = {978-3-642-28603-2},
	location = {New Delhi, India},
	pages = {438--449},
	numpages = {12},
	url = {http://dx.doi.org/10.1007/978-3-642-28604-9_36},
	doi = {10.1007/978-3-642-28604-9_36},
	acmid = {2238677},
	publisher = {Springer-Verlag},
	address = {Berlin, Heidelberg},
	keywords = {machine learning, machine translation, textual entailment},
} 

@InProceedings{BENTIVOGLI10.478,
	author = {Luisa Bentivogli and Elena Cabrio and Ido Dagan and Danilo Giampiccolo and Medea Lo Leggio and Bernardo Magnini},
	title = {Building Textual Entailment Specialized Data Sets: a Methodology for Isolating Linguistic Phenomena Relevant to Inference},
	booktitle = {Proceedings of the Seventh International Conference on Language Resources and Evaluation (LREC'10)},
	year = {2010},
	month = {may},
	date = {19-21},
	address = {Valletta, Malta},
	editor = {Nicoletta Calzolari (Conference Chair) and Khalid Choukri and Bente Maegaard and Joseph Mariani and Jan Odijk and Stelios Piperidis and Mike Rosner and Daniel Tapias},
	publisher = {European Language Resources Association (ELRA)},
	isbn = {2-9517408-6-7},
	language = {english}
}

@InProceedings{Radev:2000:CTI:1117736.1117745,
	author = {Radev, Dragomir R.},
	title = {A Common Theory of Information Fusion from Multiple Text Sources Step One: Cross-document Structure},
	booktitle = {Proceedings of the 1st SIGdial Workshop on Discourse and Dialogue - Volume 10},
	series = {SIGDIAL '00},
	year = {2000},
	location = {Hong Kong},
	pages = {74--83},
	numpages = {10},
	url = {http://dx.doi.org/10.3115/1117736.1117745},
	doi = {10.3115/1117736.1117745},
	acmid = {1117745},
	publisher = {Association for Computational Linguistics},
	address = {Stroudsburg, PA, USA},
} 

@InProceedings{bhaskar-pakray:2013:RANLPStud-2013,
	author    = {Bhaskar, Pinaki  and  Pakray, Partha},
	title     = {Automatic Evaluation of Summary Using Textual Entailment},
	booktitle = {Proceedings of the Student Research Workshop associated with RANLP 2013},
	month     = {September},
	year      = {2013},
	address   = {Hissar, Bulgaria},
	publisher = {INCOMA Ltd. Shoumen, BULGARIA},
	pages     = {30--37},
	url       = {http://www.aclweb.org/anthology/R13-2005}
}

@article{wikipediaxml:2005,
	author = {Denoyer, Ludovic and Gallinari, Patrick},
	title = {The Wikipedia XML Corpus},
	journal = {SIGIR Forum},
	issue_date = {June 2006},
	volume = {40},
	number = {1},
	month = jun,
	year = {2006},
	issn = {0163-5840},
	pages = {64--69},
	numpages = {6},
	url = {http://doi.acm.org/10.1145/1147197.1147210},
	doi = {10.1145/1147197.1147210},
	acmid = {1147210},
	publisher = {ACM},
	address = {New York, NY, USA},
} 

@article{Medelyan:2009:MMW:1618876.1619040,
	author = {Medelyan, Olena and Milne, David and Legg, Catherine and Witten, Ian H.},
	title = {Mining Meaning from Wikipedia},
	journal = {Int. J. Hum.-Comput. Stud.},
	issue_date = {September, 2009},
	volume = {67},
	number = {9},
	month = sep,
	year = {2009},
	issn = {1071-5819},
	pages = {716--754},
	numpages = {39},
	url = {http://dx.doi.org/10.1016/j.ijhcs.2009.05.004},
	doi = {10.1016/j.ijhcs.2009.05.004},
	acmid = {1619040},
	publisher = {Academic Press, Inc.},
	address = {Duluth, MN, USA},
	keywords = {Information extraction, Information retrieval, NLP, Ontologies, Semantic web, Text mining, Wikipedia, Wikipedia mining},
} 

@book{Manning:2008:IIR:1394399,
	author = {Manning, Christopher D. and Raghavan, Prabhakar and Sch\"{u}tze, Hinrich},
	title = {Introduction to Information Retrieval},
	year = {2008},
	isbn = {0521865719, 9780521865715},
	publisher = {Cambridge University Press},
	address = {New York, NY, USA},
} 

@book{Jones:1996:ENL:547445
	,	author	= {Jones, K.S. and Galliers, J.R.}
	,	title	= {Evaluating natural language processing systems: An analysis and review}
	,	publisher	= {Springer Verlag}
	,	year	= {1995}
	,	volume	= {1083}
	,	series	= {Volumer24, Number 2}
}

@inproceedings{Turian:2010:WRS:1858681.1858721,
	author = {Turian, Joseph and Ratinov, Lev and Bengio, Yoshua},
	title = {Word Representations: A Simple and General Method for Semi-supervised Learning},
	booktitle = {Proceedings of the 48th Annual Meeting of the Association for Computational Linguistics},
	series = {ACL '10},
	year = {2010},
	location = {Uppsala, Sweden},
	pages = {384--394},
	numpages = {11},
	url = {http://dl.acm.org/citation.cfm?id=1858681.1858721},
	acmid = {1858721},
	publisher = {Association for Computational Linguistics},
	address = {Stroudsburg, PA, USA},
} 

@article{DBLP:journals/corr/abs-1301-3781,
	author    = {Tomas Mikolov and
	Kai Chen and
	Greg Corrado and
	Jeffrey Dean},
	title     = {Efficient Estimation of Word Representations in Vector Space},
	journal   = {CoRR},
	volume    = {abs/1301.3781},
	year      = {2013},
	url       = {http://arxiv.org/abs/1301.3781},
	timestamp = {Thu, 07 May 2015 20:02:01 +0200},
	biburl    = {http://dblp.uni-trier.de/rec/bib/journals/corr/abs-1301-3781},
	bibsource = {dblp computer science bibliography, http://dblp.org}
}

@inproceedings{snli:emnlp2015,
	Author = {Bowman, Samuel R. and Angeli, Gabor and Potts, Christopher, and Manning, Christopher D.},
	Booktitle = {Proceedings of the 2015 Conference on Empirical Methods in Natural Language Processing (EMNLP)},
	Publisher = {Association for Computational Linguistics},
	Title = {A large annotated corpus for learning natural language inference},
	Year = {2015}
}
@InProceedings{rnn-2,
	author    = {Wang, Shuohang  and  Jiang, Jing},
	title     = {Learning Natural Language Inference with LSTM},
	booktitle = {Proceedings of the 2016 Conference of the North American Chapter of the Association for Computational Linguistics: Human Language Technologies},
	month     = {June},
	year      = {2016},
	address   = {San Diego, California},
	publisher = {Association for Computational Linguistics},
	pages     = {1442--1451},
	url       = {http://www.aclweb.org/anthology/N16-1170}
}
@article{rnn-1,
	author    = {Tim Rockt{\"{a}}schel and
	Edward Grefenstette and
	Karl Moritz Hermann and
	Tom{\'{a}}s Kocisk{\'{y}} and
	Phil Blunsom},
	title     = {Reasoning about Entailment with Neural Attention},
	journal   = {CoRR},
	volume    = {abs/1509.06664},
	year      = {2015},
	url       = {http://arxiv.org/abs/1509.06664},
	timestamp = {Thu, 01 Oct 2015 14:28:48 +0200},
	biburl    = {http://dblp.uni-trier.de/rec/bib/journals/corr/RocktaschelGHKB15},
	bibsource = {dblp computer science bibliography, http://dblp.org}
}
@article{rnn-3,
	author    = {Yang Liu and
	Chengjie Sun and
	Lei Lin and
	Xiaolong Wang},
	title     = {Learning Natural Language Inference using Bidirectional {LSTM} model
	and Inner-Attention},
	journal   = {CoRR},
	volume    = {abs/1605.09090},
	year      = {2016},
	url       = {http://arxiv.org/abs/1605.09090},
	timestamp = {Wed, 01 Jun 2016 15:51:08 +0200},
	biburl    = {http://dblp.uni-trier.de/rec/bib/journals/corr/LiuSLW16},
	bibsource = {dblp computer science bibliography, http://dblp.org}
}
@article{Hochreiter:1997:LSM:1246443.1246450,
	author = {Hochreiter, Sepp and Schmidhuber, J\"{u}rgen},
	title = {Long Short-Term Memory},
	journal = {Neural Comput.},
	issue_date = {November 15, 1997},
	volume = {9},
	number = {8},
	month = nov,
	year = {1997},
	issn = {0899-7667},
	pages = {1735--1780},
	numpages = {46},
	url = {http://dx.doi.org/10.1162/neco.1997.9.8.1735},
	doi = {10.1162/neco.1997.9.8.1735},
	acmid = {1246450},
	publisher = {MIT Press},
	address = {Cambridge, MA, USA},
} 
@INPROCEEDINGS{Collins99unsupervisedmodels,
	author = {Michael Collins and Yoram Singer},
	title = {Unsupervised Models for Named Entity Classification},
	booktitle = {In Proceedings of the Joint SIGDAT Conference on Empirical Methods in Natural Language Processing and Very Large Corpora},
	year = {1999},
	pages = {100--110}
}

===================ADIT==========================
@article{denkowski2009survey,
	title={A survey of techniques for unsupervised word sense induction},
	author={Denkowski, Michael},
	journal={Language \& Statistics II Literature Review},
	pages={1--18},
	year={2009}
}
@article{scikit-learn,
	title={Scikit-learn: Machine Learning in {P}ython},
	author={Pedregosa, F. and Varoquaux, G. and Gramfort, A. and Michel, V.
	and Thirion, B. and Grisel, O. and Blondel, M. and Prettenhofer, P.
	and Weiss, R. and Dubourg, V. and Vanderplas, J. and Passos, A. and
	Cournapeau, D. and Brucher, M. and Perrot, M. and Duchesnay, E.},
	journal={Journal of Machine Learning Research},
	volume={12},
	pages={2825--2830},
	year={2011}
}
@inproceedings{gale1992one,
	title={One sense per discourse},
	author={Gale, William A and Church, Kenneth W and Yarowsky, David},
	booktitle={Proceedings of the workshop on Speech and Natural Language},
	pages={233--237},
	year={1992},
	organization={Association for Computational Linguistics}
}
@article{nasiruddin2013state,
	title={A state of the art of word sense induction: A way towards word sense disambiguation for under-resourced languages},
	author={Nasiruddin, Mohammad},
	journal={arXiv preprint arXiv:1310.1425},
	year={2013}
}
@inproceedings{mihalcea2003evaluation,
	title={An evaluation exercise for word alignment},
	author={Mihalcea, Rada and Pedersen, Ted},
	booktitle={Proceedings of the HLT-NAACL 2003 Workshop on Building and using parallel texts: data driven machine translation and beyond-Volume 3},
	pages={1--10},
	year={2003},
	organization={Association for Computational Linguistics}
}
@inproceedings{zhong2010makes,
	title={It makes sense: A wide-coverage word sense disambiguation system for free text},
	author={Zhong, Zhi and Ng, Hwee Tou},
	booktitle={Proceedings of the ACL 2010 System Demonstrations},
	pages={78--83},
	year={2010},
	organization={Association for Computational Linguistics}
}
@article{fradkin2006support,
	title={Support vector machines for classification},
	author={Fradkin, Dmitriy and Muchnik, Ilya},
	journal={DIMACS Series in Discrete Mathematics and Theoretical Computer Science},
	volume={70},
	pages={13--20},
	year={2006},
	publisher={Citeseer}
}
@inproceedings{mikolov2013distributed,
	title={Distributed representations of words and phrases and their compositionality},
	author={Mikolov, Tomas and Sutskever, Ilya and Chen, Kai and Corrado, Greg S and Dean, Jeff},
	booktitle={Advances in neural information processing systems},
	pages={3111--3119},
	year={2013}
}
@article{denkowski2009survey,
	title={A survey of techniques for unsupervised word sense induction},
	author={Denkowski, Michael},
	journal={Language \& Statistics II Literature Review},
	pages={1--18},
	year={2009}
}
@inproceedings{rudnick2011towards,
	title={Towards Cross-Language Word Sense Disambiguation for Quechua.},
	author={Rudnick, Alex},
	booktitle={RANLP Student Research Workshop},
	pages={133--138},
	year={2011}
}
===================ENDOFADIT=====================